%% This BibTeX bibliography file was created using BibDesk.
%% http://bibdesk.sourceforge.net/


%% Created for Andreas Skielboe at 2009-02-05 16:19:52 +0100 


%% Saved with string encoding Unicode (UTF-8) 



@article{melic2005smn,
	Author = {Meli{\'c}, B. and Passek-Kumeri{\v{c}}ki, K. and Trampeti{\'c}, J. and Schupp, P. and Wohlgenannt, M.},
	Date-Added = {2009-02-05 16:19:49 +0100},
	Date-Modified = {2009-02-05 16:19:49 +0100},
	Journal = {The European Physical Journal C-Particles and Fields},
	Number = {4},
	Pages = {499--504},
	Publisher = {Springer},
	Title = {{The standard model on non-commutative space-time: strong interactions included}},
	Volume = {42},
	Year = {2005}}
